@misc{2018ReinforcementLearning,
  title = {Reinforcement {{Learning}}},
  year = {2018},
  journal = {MIT Press},
  urldate = {2024-04-23},
  howpublished = {https://mitpress.mit.edu/9780262193986/reinforcement-learning/},
  langid = {american},
  keywords = {Foundation,RL}
}

@book{bostrom2016SuperintelligencePathsDangers,
  title = {Superintelligence: {{Paths}}, {{Dangers}}, {{Strategies}}},
  shorttitle = {Superintelligence},
  author = {Bostrom, Nick and Bostrom, Nick},
  year = {2016},
  month = apr,
  publisher = {Oxford University Press},
  address = {Oxford, New York},
  urldate = {2024-09-09},
  isbn = {978-0-19-873983-8},
  keywords = {general}
}

@article{dulac-arnold2021ChallengesRealworldReinforcement,
  title = {Challenges of Real-World Reinforcement Learning - Definitions, Benchmarks and Analysis},
  shorttitle = {Challenges of Real-World Reinforcement Learning},
  author = {{Dulac-Arnold}, Gabriel and Levine, Nir and Mankowitz, Daniel J. and Li, Jerry and Paduraru, Cosmin and Gowal, Sven and Hester, Todd},
  year = {2021},
  month = sep,
  journal = {Machine Learning},
  volume = {110},
  number = {9},
  pages = {2419--2468},
  issn = {1573-0565},
  doi = {10.1007/s10994-021-05961-4},
  urldate = {2023-12-28},
  langid = {english},
  keywords = {AppliedReinforcementLearning,EvaluationProtocol,RealWorld,RL,Survey},
  annotation = {415 citations (Semantic Scholar/DOI) [2025-02-07]\\
271 citations (Semantic Scholar/DOI) [2024-04-23]}
}

@misc{feng2024NaturalLanguageReinforcement,
  title = {Natural {{Language Reinforcement Learning}}},
  author = {Feng, Xidong and Wan, Ziyu and Yang, Mengyue and Wang, Ziyan and Koushik, Girish A. and Du, Yali and Wen, Ying and Wang, Jun},
  year = {2024},
  month = feb,
  number = {arXiv:2402.07157},
  eprint = {2402.07157},
  publisher = {arXiv},
  urldate = {2024-04-23},
  archiveprefix = {arXiv},
  langid = {english},
  keywords = {Artificial Intelligence,Computation and Language,Language,Machine Learning,RL},
  annotation = {2 citations (Semantic Scholar/arXiv) [2025-02-07]}
}

@misc{luketina2019SurveyReinforcementLearning,
  title = {A {{Survey}} of {{Reinforcement Learning Informed}} by {{Natural Language}}},
  author = {Luketina, Jelena and Nardelli, Nantas and Farquhar, Gregory and Foerster, Jakob and Andreas, Jacob and Grefenstette, Edward and Whiteson, Shimon and Rockt{\"a}schel, Tim},
  year = {2019},
  month = jun,
  number = {arXiv:1906.03926},
  eprint = {1906.03926},
  primaryclass = {cs, stat},
  publisher = {arXiv},
  urldate = {2024-04-26},
  archiveprefix = {arXiv},
  langid = {english},
  keywords = {Computer Science - Artificial Intelligence,Computer Science - Computation and Language,Computer Science - Machine Learning,Statistics - Machine Learning},
  annotation = {248 citations (Semantic Scholar/arXiv) [2024-04-26]}
}

@misc{mnih2013PlayingAtariDeep,
  title = {Playing {{Atari}} with {{Deep Reinforcement Learning}}},
  author = {Mnih, Volodymyr and Kavukcuoglu, Koray and Silver, David and Graves, Alex and Antonoglou, Ioannis and Wierstra, Daan and Riedmiller, Martin},
  year = {2013},
  month = dec,
  number = {arXiv:1312.5602},
  eprint = {1312.5602},
  primaryclass = {cs},
  publisher = {arXiv},
  doi = {10.48550/arXiv.1312.5602},
  urldate = {2025-02-06},
  archiveprefix = {arXiv},
  keywords = {Computer Science - Machine Learning},
  annotation = {11541 citations (Semantic Scholar/arXiv) [2025-02-07]}
}

@book{osborne2022ApplyingReinforcementLearning,
  title = {Applying {{Reinforcement Learning}} on {{Real-World Data}} with {{Practical Examples}} in {{Python}}},
  author = {Osborne, Philip and Singh, Kajal and Taylor, Matthew E.},
  year = {2022},
  series = {Synthesis {{Lectures}} on {{Artificial Intelligence}} and {{Machine Learning}}},
  publisher = {Springer International Publishing},
  address = {Cham},
  urldate = {2025-02-07},
  copyright = {https://www.springer.com/tdm},
  isbn = {978-3-031-79166-6},
  langid = {english},
  keywords = {Python,RealWorld,RL},
  annotation = {2 citations (Google Scholar) [2024-04-23]}
}

@article{osborne2022SurveyTextGames,
  title = {A {{Survey}} of {{Text Games}} for {{Reinforcement Learning Informed}} by {{Natural Language}}},
  author = {Osborne, Philip and N{\~o}mm, Heido and Freitas, Andr{\'e}},
  editor = {Roark, Brian and Nenkova, Ani},
  year = {2022},
  journal = {Transactions of the Association for Computational Linguistics},
  volume = {10},
  pages = {873--887},
  doi = {10.1162/tacl_a_00495},
  urldate = {2023-11-02},
  keywords = {EvaluationProtocol,RL,Survey,TextGames},
  annotation = {11 citations (Semantic Scholar/DOI) [2024-04-23]}
}

@misc{ProspectsReinforcementLearning,
  title = {Prospects for {{Reinforcement Learning}}},
  journal = {Energy Systems Catapult},
  urldate = {2025-02-07},
  langid = {british}
}

@misc{sheng2023CanLanguageAgents,
  title = {Can Language Agents Be Alternatives to {{PPO}}? {{A Preliminary Empirical Study On OpenAI Gym}}},
  shorttitle = {Can Language Agents Be Alternatives to {{PPO}}?},
  author = {Sheng, Junjie and Huang, Zixiao and Shen, Chuyun and Li, Wenhao and Hua, Yun and Jin, Bo and Zha, Hongyuan and Wang, Xiangfeng},
  year = {2023},
  month = dec,
  number = {arXiv:2312.03290},
  eprint = {2312.03290},
  publisher = {arXiv},
  urldate = {2024-04-24},
  archiveprefix = {arXiv},
  langid = {english},
  keywords = {Artificial Intelligence,Computation and Language,Language,RL},
  annotation = {1 citations (Semantic Scholar/arXiv) [2024-04-24]}
}

@book{sutton2018ReinforcementLearningIntroduction,
  title = {Reinforcement {{Learning An Introduction}}},
  shorttitle = {Reinforcement {{Learning}}},
  author = {Sutton, Richard S. and Barto, Andrew G.},
  year = {2018},
  month = oct,
  publisher = {A Bradford Book},
  address = {Cambridge, MA, USA},
  isbn = {978-0-262-03924-6},
  keywords = {Foundation,RL},
  annotation = {2,142 citations (ACM Digital Library)[2024-04-23]}
}
